@Article{nederveen1992,
  Author         = {{G.A. van Nederveen} and {F.P. Tolman}},
  Title          = {Modelling multiple views on buildings},
  Journal        = {Automation in Construction},
  Volume         = {Automation in Construction},
  Number         = {1},
  Pages          = {215-224},
  month          = nov,
  year           = 1992
}

